@book{molnar2020interpretable,
	title={Interpretable machine learning},
	author={Molnar, Christoph},
	year={2020},
	publisher={Lulu. com}
}
@article{vstrumbelj2014explaining,
	title={Explaining prediction models and individual predictions with feature contributions},
	author={{\v{S}}trumbelj, Erik and Kononenko, Igor},
	journal={Knowledge and information systems},
	volume={41},
	pages={647--665},
	year={2014},
	publisher={Springer}
}